@book{neapolitan:2015,
	place={Burlington, MA},
	title={Foundations of Algorithms},
	publisher={Jones \& Bartlett Learning},
	author={Neapolitan, Richard E.},
	year={2015},
	edition={5th}
}